@book{APA1994,
   author = {{American Psychological Association}},
   title = {Diagnostic and statistical manual of mental disorders},
   publisher = {American Psychological Association},
   address = {Washington, D.C.},
   edition = {4},
   year = {1994},
}
@article{Simmons2012,
   author = {J. P. Simmons and L. D. Nelson and U. Simonsohn},
   year = {2012},
   title = {A 21 word solution},
   url = {http://papers.ssrn. com/sol3/papers.cfm?abstract_id=2160588},
   doi = {10.2139/ssrn.2160588},
}
@article{Bless1994,
  author = {Bless, H. and W{\"a}nke, M. and Bohner, G. and Fellhauer, R. L. and Schwarz, N.},
  title = {Need for {C}ognition: {E}ine {S}kala zur {E}rfassung von {E}ngagement und {F}reude bei {D}enkaufgaben [{N}eed for {C}ognition: A scale measuring engagement and happiness in cognitive tasks]},
  journal = {Zeitschrift {f}{\"u}r Sozialpsychologie},
  volume = {25},
  pages = {147-154},
  year = {1994},
}
@article{Fleischhauer2010,
  author = {Fleischhauer, M. and Enge, S. and Brocke, B. and Ullrich, J. and Strobel, A. and Strobel, A.},
  title = {Same or different? Clarifying the relationship of {N}eed for {C}ognition to personality and intelligence},
  journal = {Personality & Social Psychology Bulletin},
  volume = {36},
  number = {1},
  pages = {82-96},
  doi = {10.1177/0146167209351886},
  year = {2010},
}


