@Manual{RStudio,
  title = {RStudio: Integrated Development Environment for {R}},
  author = {{RStudio Team}},
  organization = {RStudio, Inc.},
  address = {Boston, MA},
  year = {2016},
  note={R package version 1.1.383},
  url = {http://www.rstudio.com/},
}
@Manual{R-base,
  title = {R: A Language and Environment for Statistical Computing},
  author = {{R Core Team}},
  organization = {R Foundation for Statistical Computing},
  address = {Vienna, Austria},
  year = {2018},
  url = {https://www.R-project.org/},
}
@Manual{R-psych,
  title = {psych: Procedures for Psychological, Psychometric, and Personality Research},
  author = {William Revelle},
  organization = { Northwestern University},
  address = { Evanston, Illinois},
  year = {2018},
  note = {R package version 1.8.12},
  url = {https://CRAN.R-project.org/package=psych},
}
@Article{R-robustbase,
  title = {An Object-Oriented Framework for Robust Multivariate Analysis},
  author = {Valentin Todorov and Peter Filzmoser},
  journal = {Journal of Statistical Software},
  year = {2009},
  volume = {32},
  number = {3},
  pages = {1--47},
  url = {http://www.jstatsoft.org/v32/i03/},
}
@book{Blom1958,
   author = {G. Blom},
   title = {Statistical estimates and transformed beta variables},
   year = {1958},
   address = {New York},
   publisher = {John Wiley},
}
@Article{Gignac2016,
   author = {G. E. Gignac  and E. T. Szodorai},
   title = {Effect size guidelines for individual differences researchers},
   journal = {Personality and Individual Differences},
   year = {2016},
   volume = {102},
   pages = {74-78},
   doi = {10.1016/j.paid.2016.06.069},
}
@Article{Schoenbrodt2013,
   author = {Felix D. Sch{\"o}nbrodt and Marco Perugini},
   title = {At what sample size do correlations stabilize?},
   journal = {Journal of Research in Personality},
   year = {2013},
   volume = {47},
   pages = {609-612},
   doi = {10.1016/j.jrp.2013.05.009},
}
@Book{Cohen1988,
   author = {J. Cohen},
   title = {Statistical power analysis for the behavioral sciences},
   year = {1988},
   address = {Hillsdale},
   publisher = {Erlbaum},
}
@Article{Hemphill2003,
   author = {J. F. Hemphill},
   title = {Interpreting the magnitudes of correlation coefficientss},journal = {American Psychologist},
   year = {2003},
   volume = {58},
   issue = {1},
   pages = {78-80},
   doi = {10.1037/0003-066X.58.1.78},
  }
