@article{Bertrams2009,
   author = {Bertrams, A. and Dickh{\"a}user, O.},
   title = {Measuring dispositional self-control capacity. A {G}erman adaptation of the short form of the {S}elf-{C}ontrol {S}cale ({SCS-K-D})},
   journal = {Diagnostica},
   volume = {55},
   number = {1},
   pages = {2-10},
   DOI = {10.1026/0012-1924.55.1.2},
   year = {2009},
}
